<?xml version="1.0" encoding="UTF-8"?><collection xmlns="http://www.loc.gov/MARC21/slim"><record><leader>00457nam--2200145-i-4500</leader><controlfield tag="001">000023900</controlfield><controlfield tag="002">20161230</controlfield><controlfield tag="005">20161230201035</controlfield><controlfield tag="008">060222s1000------------r-----000-0-eng-d</controlfield><datafield ind1=" " ind2=" " tag="080"><subfield code="a">621.38:621.375.826</subfield></datafield><datafield ind1=" " ind2=" " tag="245"><subfield code="a">Optical fibre communications. devices circuits and systems</subfield></datafield><datafield ind1=" " ind2=" " tag="260"><subfield code="a">New York, John Wiley &amp; Sons, 1980. Xii + 304p</subfield></datafield><datafield ind1=" " ind2=" " tag="490"><subfield code="a">The Wiley Series In Solid State Devices  And Circuits</subfield></datafield><datafield ind1=" " ind2=" " tag="700"><subfield code="a">Howes, M.J. And Morgan, D.V</subfield></datafield><datafield ind1=" " ind2=" " tag="852"><subfield code="a">47904</subfield></datafield></record></collection>